@book{kay1993fundamentals,
  title={Fundamentals of statistical signal processing, volume I: estimation theory},
  author={Kay, Steven M},
  year={1993},
  publisher={Prentice Hall}
}

@book{hayes2009statistical,
  title={Statistical digital signal processing and modeling},
  author={Hayes, Monson H},
  year={2009},
  publisher={John Wiley \& Sons}
}

@book{poor2013introduction,
  title={An introduction to signal detection and estimation},
  author={Poor, H Vincent},
  year={2013},
  publisher={Springer Science \& Business Media}
}

@article{mcadams1989segregation,
  title={Segregation of concurrent sounds. I: Effects of frequency modulation coherence},
  author={McAdams, Stephen},
  journal={The Journal of the Acoustical Society of America},
  volume={86},
  number={6},
  pages={2148--2159},
  year={1989},
  publisher={Acoustical Society of America}
}

@article{marin1991segregation,
  title={Segregation of concurrent sounds. II: Effects of spectral envelope tracing, frequency modulation coherence, and frequency modulation width},
  author={Marin, C{\'e}cile MH and McAdams, Stephen},
  journal={The Journal of the Acoustical Society of America},
  volume={89},
  number={1},
  pages={341--351},
  year={1991},
  publisher={Acoustical Society of America}
}

@article{makhoul1975linear,
  title={Linear prediction: A tutorial review},
  author={Makhoul, John},
  journal={Proceedings of the IEEE},
  volume={63},
  number={4},
  pages={561--580},
  year={1975},
  publisher={IEEE}
}

@article{portnoff1976implementation,
  title={Implementation of the digital phase vocoder using the fast Fourier transform},
  author={Portnoff, Michael R},
  journal={Acoustics, Speech and Signal Processing, IEEE Transactions on},
  volume={24},
  number={3},
  pages={243--248},
  year={1976},
  publisher={IEEE}
}

@book{van1992computational,
  title={Computational frameworks for the fast Fourier transform},
  author={Van Loan, Charles},
  volume={10},
  year={1992},
  publisher={Siam}
}

@inproceedings{kereliuk2011sparse,
  title={Sparse atomic modeling of audio: A review},
  author={Kereliuk, Corey and Depalle, Philippe},
  booktitle={Proc. of the 14th Int. Conference on Digital Audio Effects (DAFx-11), Paris, France},
  year={2011}
}

@article{mcaulay1986speech,
  title={Speech analysis/synthesis based on a sinusoidal representation},
  author={McAulay, Robert J and Quatieri, Thomas F},
  journal={Acoustics, Speech and Signal Processing, IEEE Transactions on},
  volume={34},
  number={4},
  pages={744--754},
  year={1986},
  publisher={IEEE}
}

@book{hamilton2011non,
  title={Non-stationary sinusoidal parameter estimation},
  author={Hamilton, Brian},
  year={2011},
  publisher={McGill University Libraries}
}

@article{betser2009sinusoidal,
  title={Sinusoidal polynomial parameter estimation using the distribution derivative},
  author={Betser, Micha{\"e}l},
  journal={Signal Processing, IEEE Transactions on},
  volume={57},
  number={12},
  pages={4633--4645},
  year={2009},
  publisher={IEEE}
}

@article{harris1978use,
  title={On the use of windows for harmonic analysis with the discrete Fourier transform},
  author={Harris, Fredric J},
  journal={Proceedings of the IEEE},
  volume={66},
  number={1},
  pages={51--83},
  year={1978},
  publisher={IEEE}
}

@article{rabiner1970approach,
  title={An approach to the approximation problem for nonrecursive digital filters},
  author={Rabiner, Lawrence R and Gold, Bernard and McGonegal, CA},
  journal={Audio and Electroacoustics, IEEE Transactions on},
  volume={18},
  number={2},
  pages={83--106},
  year={1970},
  publisher={IEEE}
}

